@book{elmasri_navathe_2011,
  edition={6},
  title={Fundamentals of Database Systems},
  publisher={Addison-Wesley},
  author={Elmasri, Ramez and Navathe, Shamkant B},
  year={2011},
}
  
@ARTICLE{225554, 
  author={J. Bowen and V. Stavridou}, 
  journal={Software Engineering Journal}, 
  title={Safety-critical systems, formal methods and standards}, 
  year={1993}, 
  volume={8}, 
  number={4}, 
  pages={189-209}, 
  keywords={formal specification;real-time systems;safety;software reliability;standards;embedded computer-based systems;formal methods;real-time systems;safety-critical systems;software crisis;standards;Real time systems;Safety;Software reliability;Software requirements and specifications;Standards}, 
  doi={10.1049/sej.1993.0025}, 
  ISSN={0268-6961}, 
  month={July},
}
  
@inproceedings {190894,
  author = {Lennart Beringer and Adam Petcher and Katherine Q. Ye and Andrew W. Appel},
  title = {Verified Correctness and Security of OpenSSL {HMAC}},
  booktitle = {24th {USENIX} Security Symposium ({USENIX} Security 15)},
  year = {2015},
  isbn = {978-1-931971-232},
  address = {Washington, D.C.},
  pages = {207--221},
  url = {https://www.usenix.org/conference/usenixsecurity15/technical-sessions/presentation/beringer},
  publisher = {{USENIX} Association},
}
  
@article{Leroy:2009:FVR:1538788.1538814,
  author = {Leroy, Xavier},
  title = {Formal Verification of a Realistic Compiler},
  journal = {Commun. ACM},
  issue_date = {July 2009},
  volume = {52},
  number = {7},
  month = jul,
  year = {2009},
  issn = {0001-0782},
  pages = {107--115},
  numpages = {9},
  url = {http://doi.acm.org/10.1145/1538788.1538814},
  doi = {10.1145/1538788.1538814},
  acmid = {1538814},
  publisher = {ACM},
  address = {New York, NY, USA},
}

@book{appel,
  title={Verified Functional Algorithms},
  url={https://softwarefoundations.cis.upenn.edu/},
  journal={Software Foundations},
  author={Appel, Andrew W},
}

%Not sure about this%
@article{appel_2011,
  title={Efficient Verified Red-Black Trees},
  author={Appel, Andrew W},
  year={2011},
}

@inproceedings{filliatre:hal-00150913,
  TITLE = {{Functors for Proofs and Programs}},
  AUTHOR = {Filli{\^a}tre, Jean-Christophe and Letouzey, Pierre},
  URL = {https://hal.archives-ouvertes.fr/hal-00150913},
  BOOKTITLE = {{13th European Symposium on Programming, ESOP 2004}},
  ADDRESS = {Barcelona, Spain},
  EDITOR = {D. Schmidt},
  PUBLISHER = {{Springer}},
  SERIES = {Lecture Notes in Computer Science},
  PAGES = {370-384},
  YEAR = {2004},
  MONTH = Feb,
  DOI = {10.1007/b96702},
  KEYWORDS = {Functors ; Proof of program ; finite sets ; AVL trees ; extraction ; Coq ; Ocaml},
  PDF = {https://hal.archives-ouvertes.fr/hal-00150913/file/fpp.pdf},
  HAL_ID = {hal-00150913},
  HAL_VERSION = {v1},
}

%Actually master's thesis?%
@phdthesis{chen_ruppert_breugel_2013,
  title={Formal verification of a concurrent binary search tree},
  author={Chen, Xiwen and Ruppert, Eric and Breugel, Franck van},
  year={2013},
}

%Unsure of this as well%
@article{cao_wang_hobor_appel_2017,
  title={Magic Wand as Frame},
  author={Cao, Qinxiang and Wang, Shengyi and Hobor, Aquinas and Appel, Andrew W},
  year={2017},
}

@INPROCEEDINGS{1029817, 
  author={J. C. Reynolds}, 
  booktitle={Proceedings 17th Annual IEEE Symposium on Logic in Computer Science}, 
  title={Separation logic: a logic for shared mutable data structures}, 
  year={2002}, 
  volume={}, 
  number={}, 
  pages={55-74}, 
  keywords={computational complexity;data structures;formal logic;Hoare logic;address arithmetic;heap;imperative programming language;low-level imperative programs;program logic;reasoning;recursive procedures;separation logic;shared mutable data structures;Arithmetic;Artificial intelligence;Bibliographies;Computer languages;Computer science;Data structures;Logic arrays;Logic programming;Programmable logic arrays;Reflection}, 
  doi={10.1109/LICS.2002.1029817}, 
  ISSN={1043-6871}, 
  month={},
}

@misc{vst_2017,
  title={Verified Software Toolchain},
  url={http://vst.cs.princeton.edu/},
  year={2017},
  month={Sep},
}

@InProceedings{10.1007/978-3-642-19718-5_1,
  author={Appel, Andrew W.},
  editor={Barthe, Gilles},
  title={Verified Software Toolchain},
  booktitle={Programming Languages and Systems},
  year={2011},
  publisher={Springer Berlin Heidelberg},
  address={Berlin, Heidelberg},
  pages={1--17},
  isbn={978-3-642-19718-5},
}

@misc{deepspec,
  title={The Science of Deep Specification},
  url={https://deepspec.org/page/About/},
}

