@article{main-mem-dbs,
url = {https://www.nowpublishers.com/article/Details/DBS-058},
year = {2017},
volume = {8},
journal = {Foundations and Trends® in Databases},
title = {Main Memory Database Systems},
doi = {10.1561/1900000058},
issn = {1931-7883},
number = {1-2},
pages = {1-130},
author = {Franz Faerber and Alfons Kemper and Per-Åke Larson and Justin Levandoski and Thomas Neumann and Andrew Pavlo}
}
@inproceedings{masstree,
  title={Cache craftiness for fast multicore key-value storage},
  author={Mao, Yandong and Kohler, Eddie and Morris, Robert Tappan},
  booktitle={Proceedings of the 7th ACM european conference on Computer Systems},
  pages={183--196},
  year={2012},
  organization={ACM}
}
@misc{SQLite,
  title = {SQLite Documentation Webpage},
  howpublished = {\url{http://www.sqlite.org/docs.html}},
  author={D. Richard Hipp}
}
@misc{SQLiteFileFormat,
  title = {SQLite Database File Format Documentation Webpage},
  howpublished = {\url{https://www.sqlite.org/fileformat.html}},
  author={D. Richard Hipp}
}
@article{comer1979ubiquitous,
  title={Ubiquitous B-tree},
  author={Comer, Douglas},
  journal={ACM Computing Surveys (CSUR)},
  volume={11},
  number={2},
  pages={121--137},
  year={1979},
  publisher={ACM}
}
@inproceedings{bayer1970organization,
  title={Organization and maintenance of large ordered indices},
  author={Bayer, Rudolf and McCreight, Edward},
  booktitle={Proceedings of the 1970 ACM SIGFIDET (now SIGMOD) Workshop on Data Description, Access and Control},
  pages={107--141},
  year={1970},
  organization={ACM}
}
@article{graefe2011modern,
  title={Modern B-tree techniques},
  author={Graefe, Goetz and others},
  journal={Foundations and Trends{\textregistered} in Databases},
  volume={3},
  number={4},
  pages={203--402},
  year={2011},
  publisher={Now Publishers, Inc.}
}
@book{ramakrishnan2000database,
  title={Database management systems},
  author={Ramakrishnan, Raghu and Gehrke, Johannes},
  year={2000},
  publisher={McGraw Hill}
}
@book{riley2011foundationmaths,
  title={Foundation mathematics for the physical sciences},
  author={Riley, Kenneth Franklin and Hobson, Michael Paul},
  year={2011},
  publisher={Cambridge University Press},
}
@book{sedgewick2011algorithms,
  title={Algorithms},
  author={Sedgewick, Robert and Wayne, Kevin},
  year={2011},
  publisher={Addison-Wesley Professional}
}

