@inproceedings{masstree,
  title={Cache craftiness for fast multicore key-value storage},
  author={Mao, Yandong and Kohler, Eddie and Morris, Robert Tappan},
  booktitle={Proceedings of the 7th ACM european conference on Computer Systems},
  pages={183--196},
  year={2012},
  organization={ACM}
}

@article{hstore,
  title={H-store: a high-performance, distributed main memory transaction processing system},
  author={Kallman, Robert and Kimura, Hideaki and Natkins, Jonathan and Pavlo, Andrew and Rasin, Alexander and Zdonik, Stanley and Jones, Evan PC and Madden, Samuel and Stonebraker, Michael and Zhang, Yang and others},
  journal={Proceedings of the VLDB Endowment},
  volume={1},
  number={2},
  pages={1496--1499},
  year={2008},
  publisher={VLDB Endowment}
}

@inproceedings{VST,
  title={Verified software toolchain},
  author={Appel, Andrew W},
  booktitle={European Symposium on Programming},
  pages={1--17},
  year={2011},
  organization={Springer}
}

@inproceedings{Silo,
  title={Speedy transactions in multicore in-memory databases},
  author={Tu, Stephen and Zheng, Wenting and Kohler, Eddie and Liskov, Barbara and Madden, Samuel},
  booktitle={Proceedings of the Twenty-Fourth ACM Symposium on Operating Systems Principles},
  pages={18--32},
  year={2013},
  organization={ACM}
}

@inproceedings{SiloR,
  title={Fast Databases with Fast Durability and Recovery Through Multicore Parallelism.},
  author={Zheng, Wenting and Tu, Stephen and Kohler, Eddie and Liskov, Barbara},
  booktitle={OSDI},
  volume={14},
  pages={465--477},
  year={2014}
}

@unpublished{aurele,
author = {Aur\`ele Barri\`ere},
title = {VST Verification of B+Trees with Cursors},
year = {2018}
}

@unpublished{brian,
author = {Brian McSwiggen},
title = {The Theory and Verification of B+ Tree Cursor Relations},
year = {2018}
}

@unpublished{oluwatosin,
author = {Oluwatosin Victor Adewale},
title = {Implementing a High-Performance Key-Value Store Using A Trie of B+-Trees with Cursors},
year = {2018}
}
